@book{aho2007compilers,
  author    = {Aho, Alfred V. and Lam, Monica S. and Sethi, Ravi and Ullman, Jeffrey D.},
  title     = {Compilers: Principles, Techniques, \& Tools},
  edition   = {2},
  publisher = {Pearson/Addison Wesley},
  year      = {2007},
  isbn      = {9780321486813}
}

@misc{runestone-formal-natural-languages,
  author = {Runestone Interactive},
  title = {Formal and Natural Languages},
  year = {2024},
  url   = {https://runestone.academy/ns/books/published/thinkcspy/GeneralIntro/FormalandNaturalLanguages.html},
  urldate = {2025-04-18},
  note = {[Online]},
  medium = {online}
}


@misc{kent-context-free-grammars-pda,
  author = {Dragan, Feodor F.},
  title = {Context-Free Grammars and Pushdown Automata},
  year = {2023},
  url   = {https://www.cs.kent.edu/~dragan/ThComp/lect07-2.pdf},
  urldate = {2025-04-18},
  note  = {[Online]},
  medium = {online}
}

@book{appel1998modern,
  title={Modern Compiler Implementation in ML},
  author={Appel, Andrew W.},
  year={1998},
  publisher={Cambridge University Press}
}

@book{appel2004modern,
  title={Modern Compiler Implementation in Java},
  author={Appel, Andrew W.},
  year={2004},
  publisher={Cambridge University Press}
}

@article{babel2015estree,
  title={ESTree Specification},
  author={{Babel Team}},
  year={2015},
  journal={GitHub repository},
  url={https://github.com/estree/estree},
  note = {[Online]},
  medium = {online}
}

@article{bormann2013cbor,
  title={Concise Binary Object Representation (CBOR)},
  author={Bormann, Carsten and Hoffman, Paul},
  year={2013},
  journal={Internet Engineering Task Force, RFC},
  volume={7049}
}

@article{bray1997extensible,
  title={Extensible Markup Language (XML)},
  author={Bray, Tim and Paoli, Jean and Sperberg-McQueen, C. M.},
  journal={World Wide Web Journal},
  volume={2},
  number={4},
  pages={27--66},
  year={1997}
}

@article{bray2017json,
  title={The JavaScript Object Notation (JSON) Data Interchange Format},
  author={Bray, Tim},
  journal={Internet Engineering Task Force, RFC},
  volume={8259},
  year={2017}
}

@article{clark1999xml,
  title={XML Path Language (XPath)},
  author={Clark, James and DeRose, Steve},
  journal={W3C Recommendation},
  volume={16},
  year={1999}
}

@article{crenshaw1988lets,
  title={Let's Build a Compiler},
  author={Crenshaw, Jack W.},
  journal={Byte},
  year={1988}
}

@article{crockford2006json,
  title={The application/json Media Type for JavaScript Object Notation (JSON)},
  author={Crockford, Douglas},
  journal={Internet Engineering Task Force, RFC},
  volume={4627},
  year={2006}
}

@book{gamma1995design,
  title={Design Patterns: Elements of Reusable Object-Oriented Software},
  author={Gamma, Erich and Helm, Richard and Johnson, Ralph and Vlissides, John},
  year={1995},
  publisher={Addison-Wesley}
}

@inproceedings{ford2002packrat,
  title={Packrat parsing: a practical linear-time algorithm with backtracking},
  author={Ford, Bryan},
  booktitle={Proceedings of the 2002 ACM SIGPLAN Workshop on Scheme and Functional Programming},
  pages={36--47},
  year={2002}
}

@article{ford2004parsing,
  title={Parsing Expression Grammars: A Recognition-Based Syntactic Foundation},
  author={Ford, Bryan},
  journal={ACM SIGPLAN Notices},
  volume={39},
  number={1},
  pages={111--122},
  year={2004}
}

@inproceedings{forward2002relevance,
  title={The relevance of software documentation, tools and technologies: a survey},
  author={Forward, Andrew and Lethbridge, Timothy C.},
  booktitle={Proceedings of the 2002 ACM Symposium on Document Engineering},
  pages={26--33},
  year={2002}
}

@misc{furuhashi2013messagepack,
  title={MessagePack: It's like JSON but fast and small},
  author={Furuhashi, Sadayuki},
  year={2013},
  url={https://msgpack.org},
  note = {[Online]},
  medium = {online}
}

@article{grimm2006better,
  title={Better extensibility through modular syntax},
  author={Grimm, Robert},
  journal={ACM SIGPLAN Notices},
  volume={41},
  number={6},
  pages={38--51},
  year={2006}
}

@book{grune2012modern,
  title={Modern Compiler Design},
  author={Grune, Dick and Van Reeuwijk, Kees and Bal, Henri E. and Jacobs, Ceriel J.H. and Langendoen, Koen},
  year={2012},
  publisher={Springer}
}

@book{holub1990compiler,
  title={Compiler Design in C},
  author={Holub, Allen I.},
  year={1990},
  publisher={Prentice Hall}
}

@article{horwitz2007student,
  title={Student misunderstandings of programming language concepts: identification and treatment in a compiler course},
  author={Horwitz, Susan},
  journal={Frontiers in Education Conference},
  year={2007}
}

@misc{hsu2020compiler,
  title={CMSC430: Design and Implementation of Programming Languages},
  author={Hsu, David},
  year={2020},
  url={https://www.cs.umd.edu/class/fall2020/cmsc430/},
  note = {[Online]},
  medium = {online}
}

@article{hutton1992higher,
  title={Higher-order functions for parsing},
  author={Hutton, Graham},
  journal={Journal of Functional Programming},
  volume={2},
  number={3},
  pages={323--343},
  year={1992}
}

@article{jones1997minimal,
  title={Minimal-symbol-table-free implementations of programming languages},
  author={Jones, Joel},
  journal={Software: Practice and Experience},
  volume={27},
  number={8},
  pages={853--880},
  year={1997}
}

@article{jsonschema2019,
  title={JSON Schema: A Media Type for Describing JSON Documents},
  author={{JSON Schema Authors}},
  year={2019},
  journal={Internet Engineering Task Force, Internet-Draft},
  url={https://json-schema.org/},
  note = {[Online]},
  medium = {online}
}

@book{kay2000xslt,
  title={XSLT Programmer's Reference},
  author={Kay, Michael},
  year={2000},
  publisher={Wrox Press}
}

@book{krishnamurthi2007programming,
  title={Programming Languages: Application and Interpretation},
  author={Krishnamurthi, Shriram},
  year={2007},
  publisher={Self-published}
}

@article{lattner2004llvm,
  title={LLVM: A compilation framework for lifelong program analysis \& transformation},
  author={Lattner, Chris and Adve, Vikram},
  journal={Proceedings of the International Symposium on Code Generation and Optimization},
  pages={75--86},
  year={2004}
}

@article{lattner2008llvm,
  title={LLVM and Clang: Next generation compiler technology},
  author={Lattner, Chris},
  journal={The BSD Conference},
  pages={1--2},
  year={2008}
}

@article{leijen2001parsec,
  title={Parsec: Direct style monadic parser combinators for the real world},
  author={Leijen, Daan and Meijer, Erik},
  journal={Technical Report UU-CS-2001-35, Department of Computer Science, Universiteit Utrecht},
  year={2001}
}

@article{lesk1975lex,
  title={Lex: A lexical analyzer generator},
  author={Lesk, Michael E. and Schmidt, Eric},
  journal={Computing Science Technical Report},
  volume={39},
  year={1975}
}

@book{levine2009flex,
  title={Flex \& Bison},
  author={Levine, John},
  year={2009},
  publisher={O'Reilly Media}
}

@article{marlow2011haskell,
  title={Haskell 2010 language report},
  author={Marlow, Simon},
  year={2011},
  url={https://www.haskell.org/onlinereport/haskell2010/},
  note = {[Online]},
  medium = {online}
}

@article{martin2000acyclic,
  title={Acyclic visitor},
  author={Martin, Robert C. and Riehle, Dirk and Buschmann, Frank},
  journal={Pattern Languages of Program Design},
  volume={3},
  pages={93--104},
  year={2000}
}

@article{medeiros2014peg,
  title={PEG parsing: Combining ease of implementation with efficient parsing},
  author={Medeiros, S{\'e}rgio and Mascarenhas, Fabio},
  journal={Science of Computer Programming},
  volume={96},
  pages={195--210},
  year={2014}
}

@book{meyers2014effective,
  title={Effective Modern C++: 42 Specific Ways to Improve Your Use of C++11 and C++14},
  author={Meyers, Scott},
  year={2014},
  publisher={O'Reilly Media}
}

@article{microsoft2016language,
  title={Language Server Protocol Specification},
  author={{Microsoft}},
  year={2016},
  url={https://microsoft.github.io/language-server-protocol/specifications/specification-current/},
  note = {[Online]},
  medium = {online}
}

@misc{microsoft2018typescript,
  title={TypeScript Compiler API},
  author={{Microsoft}},
  year={2018},
  url={https://github.com/microsoft/TypeScript/wiki/Using-the-Compiler-API},
  note = {[Online]},
  medium = {online}
}

@article{moors2008parser,
  title={Parser combinators in Scala},
  author={Moors, Adriaan and Piessens, Frank and Odersky, Martin},
  journal={Technical Report CW491, Department of Computer Science, KU Leuven},
  year={2008}
}

@inproceedings{nurseitov2009comparison,
  title={Comparison of JSON and XML data interchange formats: a case study},
  author={Nurseitov, Nurzhan and Paulson, Michael and Reynolds, Randall and Izurieta, Clemente},
  booktitle={CAINE},
  volume={9},
  pages={157--162},
  year={2009}
}

@article{odersky2004overview,
  title={An overview of the Scala programming language},
  author={Odersky, Martin and Altherr, Philippe and Cremet, Vincent and Emir, Burak and Maneth, Sebastian and Micheloud, St{\'e}phane and Mihaylov, Nikolay and Schinz, Michel and Stenman, Erik and Zenger, Matthias},
  journal={Technical Report LAMP-REPORT-2004-006, EPFL},
  year={2004}
}

@article{okasaki1999purely,
  title={Purely functional data structures},
  author={Okasaki, Chris},
  journal={Journal of Functional Programming},
  volume={9},
  number={1},
  pages={1--8},
  year={1999}
}

@inproceedings{palsberg1998essence,
  title={The Essence of the Visitor Pattern},
  author={Palsberg, Jens and Jay, C. Barry},
  booktitle={COMPSAC'98. Proceedings. The Twenty-Second Annual International Computer Software and Applications Conference},
  pages={9--15},
  year={1998}
}

@book{parr2010language,
  title={Language Implementation Patterns: Create Your Own Domain-Specific and General Programming Languages},
  author={Parr, Terence},
  year={2010},
  publisher={Pragmatic Bookshelf}
}

@book{parr2013definitive,
  title={The Definitive ANTLR 4 Reference},
  author={Parr, Terence},
  year={2013},
  publisher={Pragmatic Bookshelf}
}

@article{patel2021comparing,
  title={Comparing Educational Compiler Frameworks},
  author={Patel, Kiran and Wrigstad, Tobias},
  journal={Journal of Computer Science Education},
  volume={31},
  number={3},
  pages={283--305},
  year={2021}
}

@book{sestoft2017programming,
  title={Programming Language Concepts},
  author={Sestoft, Peter},
  year={2017},
  publisher={Springer}
}

@book{stroustrup2013cxx,
  title={The C++ Programming Language},
  author={Stroustrup, Bjarne},
  year={2013},
  publisher={Addison-Wesley}
}

@article{tratt2010parsing,
  title={Parsing: The solved problem that isn't},
  author={Tratt, Laurence},
  journal={Software Development Times},
  year={2010}
}

@article{traver2010compiler,
  title={Compiler error messages: what they say and what they mean},
  author={Traver, V. Javier},
  journal={Advances in Human-Computer Interaction},
  volume={2010},
  year={2010}
}

@article{varda2008protocol,
  title={Protocol buffers: Google's data interchange format},
  author={Varda, Kenton},
  journal={Google Open Source Blog},
  year={2008}
}

@article{wadler1998expression,
  title={The expression problem},
  author={Wadler, Philip},
  journal={Java-genericity mailing list},
  year={1998}
}

@book{warren2006hacker,
  title={Hacker's Delight},
  author={Warren, Henry S.},
  year={2006},
  publisher={Addison-Wesley}
}

@misc{aiken2003cool,
  title={COOL: The Classroom Object-Oriented Language},
  author={Aiken, Alex},
  year={2003},
  url={https://theory.stanford.edu/~aiken/software/cool/cool.html},
  note = {[Online]},
  medium = {online}
}